<record><leader>00000cas a22000007a 4500</leader><controlfield tag="001">13146167</controlfield><controlfield tag="008">860213d18601869nyudn ne      0    0eng d</controlfield><datafield ind1=" " ind2=" " tag="010"><subfield code="a">sn 86053075 </subfield></datafield><datafield ind1=" " ind2=" " tag="040"><subfield code="a">NPX</subfield><subfield code="b">eng</subfield><subfield code="c">NPX</subfield><subfield code="d">NYS</subfield><subfield code="d">OCL</subfield><subfield code="d">KRTAS</subfield><subfield code="d">OCLCQ</subfield><subfield code="d">OCLCF</subfield><subfield code="d">OCLCO</subfield></datafield><datafield ind1="1" ind2=" " tag="029"><subfield code="a">AU@</subfield><subfield code="b">000020235920</subfield></datafield><datafield ind1=" " ind2=" " tag="042"><subfield code="a">msc</subfield></datafield><datafield ind1=" " ind2=" " tag="043"><subfield code="a">n-us-ny</subfield></datafield><datafield ind1="0" ind2="0" tag="245"><subfield code="a">Syracuse daily courier and union.</subfield></datafield><datafield ind1="3" ind2="0" tag="246"><subfield code="a">Syracuse courier and union</subfield></datafield><datafield ind1="1" ind2="3" tag="246"><subfield code="a">Daily courier and union</subfield></datafield><datafield ind1="1" ind2="3" tag="246"><subfield code="a">Courier and union</subfield></datafield><datafield ind1=" " ind2=" " tag="260"><subfield code="a">Syracuse, N.Y. :</subfield><subfield code="b">D.J. Halsted,</subfield><subfield code="c">1860-1869.</subfield></datafield><datafield ind1=" " ind2=" " tag="300"><subfield code="a">9 v. ;</subfield><subfield code="c">61-68 cm.</subfield></datafield><datafield ind1=" " ind2=" " tag="310"><subfield code="a">Daily (except Sunday)</subfield></datafield><datafield ind1="0" ind2=" " tag="362"><subfield code="a">Vol. 3, no. 1 (Nov. 24, 1860)-v. 11, no. 1 (Jan. 1, 1869).</subfield></datafield><datafield ind1=" " ind2=" " tag="500"><subfield code="a">Editor: William W. Green, &lt;1862&gt;.</subfield></datafield><datafield ind1=" " ind2=" " tag="500"><subfield code="a">Published as: Syracuse courier and union, Dec. 30, 1862; Apr. 4, 1863.</subfield></datafield><datafield ind1=" " ind2="0" tag="651"><subfield code="a">Syracuse (N.Y.)</subfield><subfield code="v">Newspapers.</subfield></datafield><datafield ind1=" " ind2="0" tag="651"><subfield code="a">Onondaga County (N.Y.)</subfield><subfield code="v">Newspapers.</subfield></datafield><datafield ind1=" " ind2="7" tag="655"><subfield code="a">Newspapers.</subfield><subfield code="2">fast</subfield><subfield code="0">(OCoLC)fst01423814</subfield></datafield><datafield ind1=" " ind2="7" tag="651"><subfield code="a">New York (State)</subfield><subfield code="z">Onondaga County.</subfield><subfield code="2">fast</subfield><subfield code="0">(OCoLC)fst01205371</subfield></datafield><datafield ind1=" " ind2="7" tag="651"><subfield code="a">New York (State)</subfield><subfield code="z">Syracuse.</subfield><subfield code="2">fast</subfield><subfield code="0">(OCoLC)fst01205293</subfield></datafield><datafield ind1=" " ind2=" " tag="752"><subfield code="a">United States</subfield><subfield code="b">New York</subfield><subfield code="c">Onondaga</subfield><subfield code="d">Syracuse.</subfield></datafield><datafield ind1="0" ind2=" " tag="775"><subfield code="t">Onondaga weekly courier and union</subfield><subfield code="w">(DLC)sn 92062233</subfield><subfield code="w">(OCoLC)26430410</subfield></datafield><datafield ind1="0" ind2="4" tag="780"><subfield code="t">Central city daily courier</subfield><subfield code="w">(DLC)sn 85042877</subfield><subfield code="w">(OCoLC)12950757</subfield></datafield><datafield ind1="0" ind2="4" tag="780"><subfield code="t">Syracuse daily union</subfield><subfield code="w">(DLC)sn 91066086</subfield><subfield code="w">(OCoLC)23599948</subfield></datafield><datafield ind1="0" ind2="0" tag="785"><subfield code="t">Syracuse daily courier (Syracuse, N.Y. : 1869)</subfield><subfield code="w">(DLC)sn 83031891</subfield><subfield code="w">(OCoLC)10028862</subfield></datafield><datafield ind1=" " ind2=" " tag="938"><subfield code="a">Kirtas Technologies, Inc.</subfield><subfield code="b">KRTS</subfield><subfield code="n">739535</subfield></datafield></record>